
@misc{qiu2020intelligent,
  title={Intelligent security and optimization in Edge/Fog Computing},
  author={Qiu, Meikang and Kung, Sun-Yuan and Gai, Keke},
  year={2020},
  publisher={Elsevier}
}

@article{liu2019intelligent,
  title={Intelligent edge computing for IoT-based energy management in smart cities},
  author={Liu, Yi and Yang, Chao and Jiang, Li and Xie, Shengli and Zhang, Yan},
  journal={IEEE Network},
  volume={33},
  number={2},
  pages={111--117},
  year={2019},
  publisher={IEEE}
}